@online{kanai2011h,
  title={H-bridge circuit},
  author={Kanai, Miyuki and Fujimaki, Hirokazu and Shimizu, Takeshi},
  year={2011},
  publisher={Google Patents},
  note={US Patent 7,902,884}
}